@article{greenwade93,
    author  = "George D. Greenwade",
    title   = "The {C}omprehensive {T}ex {A}rchive {N}etwork ({CTAN})",
    year    = "1993",
    journal = "TUGBoat",
    volume  = "14",
    number  = "3",
    pages   = "342--351"
}
@incollection{ANDRONOV1966443,
title = {CHAPTER VIII - THE METHOD OF THE POINT TRANSFORMATIONS IN PIECE-WISE LINEAR SYSTEMS††Written by N. A. Zheleztsov.},
editor = {A.A. ANDRONOV and A.A. VITT and S.E. KHAIKIN},
booktitle = {Theory of Oscillators},
publisher = {Pergamon},
pages = {443-582},
year = {1966},
series = {Adiwes International Series in Physics},
isbn = {978-1-4831-6724-4},
doi = {https://doi.org/10.1016/B978-1-4831-6724-4.50014-9},
url = {https://www.sciencedirect.com/science/article/pii/B9781483167244500149},
author = {A.A. ANDRONOV and A.A. VITT and S.E. KHAIKIN}
}
